<?xml version="1.0" encoding="UTF-8"?>
<record xmlns="http://www.loc.gov/MARC21/slim">
   <leader>00842cam a22002291  4500</leader>
   <controlfield tag="001">3200979</controlfield>
   <controlfield tag="003">NjP</controlfield>
   <controlfield tag="005">20171214165400.0</controlfield>
   <controlfield tag="008">000608q19601969sy            000 0 ara d</controlfield>
   <datafield tag="024" ind1="7" ind2=" ">
      <subfield code="a">princeton_aco003932</subfield>
      <subfield code="2">local</subfield>
   </datafield>
   <datafield ind1=" " ind2=" " tag="035">
      <subfield code="a">(OCoLC)49366529</subfield>
   </datafield>
   <datafield ind1=" " ind2=" " tag="035">
      <subfield code="a">55414</subfield>
   </datafield>
   <datafield ind1=" " ind2=" " tag="040">
      <subfield code="a">NjP</subfield>
      <subfield code="c">NjP</subfield>
   </datafield>
   <datafield ind1=" " ind2=" " tag="043">
      <subfield code="a">a-sy---</subfield>
   </datafield>
   <datafield ind1="1" ind2=" " tag="110">
      <subfield code="a">Syria.</subfield>
      <subfield code="0">http://id.loc.gov/authorities/names/n80061798</subfield>
   </datafield>
   <datafield ind1="1" ind2="0" tag="240">
      <subfield code="a">Laws, etc.</subfield>
   </datafield>
   <datafield ind1="1" ind2="0" tag="245">
      <subfield code="a">Qānūn al-ʻuqūbāt muḍāf ilayhi al-taʻdīlāt wa-al-qarārāt al-akhīrah :</subfield>
      <subfield code="b">marsūm tashrīʻī raqm 148.</subfield>
   </datafield>
   <datafield ind1=" " ind2=" " tag="260">
      <subfield code="a">[Damascus] :</subfield>
      <subfield code="b">Muʾassasat al-Nuwayrī,</subfield>
      <subfield code="c">[196-?]</subfield>
   </datafield>
   <datafield ind1=" " ind2=" " tag="300">
      <subfield code="a">224 p. ;</subfield>
      <subfield code="c">22 cm.</subfield>
   </datafield>
   <datafield ind1=" " ind2=" " tag="500">
      <subfield code="a">At head of title: al-Jumhūrīyah al-ʻArabīyah al-Muttaḥidah, al-Iqlīm al-Sūrī.</subfield>
   </datafield>
   <datafield ind1=" " ind2="0" tag="650">
      <subfield code="a">Criminal law</subfield>
      <subfield code="z">Syria.</subfield>
   </datafield>
   <datafield ind1=" " ind2=" " tag="902">
      <subfield code="a">jeb</subfield>
   </datafield>
   <datafield ind1="0" ind2=" " tag="852">
      <subfield code="0">3520851</subfield>
      <subfield code="b">rcppa</subfield>
      <subfield code="h">KMU379.5</subfield>
      <subfield code="i">.S975 1960</subfield>
      <subfield code="x">tr fr f</subfield>
   </datafield>
   <datafield ind1=" " ind2=" " tag="959">
      <subfield code="a">2000-07-11 12:18:45 -0400</subfield>
   </datafield>
</record>
